% This file was created with Citavi 5.2.0.8

@misc{Angelo.2014,
 author = {Angelo, James D},
 year = {2014},
 title = {Bitcoin 101 - The Nightmare of a 51{\%} Attack - Part 1 - Calculating the Costs},
 urldate = {01.04.2016},
 editor = {Angelo, James D},
 url = {https://www.youtube.com/watch?v=bi2thGzzNSs}
}


@booklet{Valkenburgh.2015,
 author = {van Valkenburgh, Peter and Dietz, Joel and de Filippie, Primavera and Shadab, Houman and Xethalis, Greg and Bollier, David},
 year = {2015},
 title = {Distributed Collaborative Organisations: Distributed Networks {\&} Regulatory Frameworks},
 editor = {{Coin Center}},
 url = {http://bollier.org/sites/default/files/misc-file-upload/files/DistributedNetworksandtheLaw%20report%2C%20Swarm-Coin%20Center-Berkman.pdf}
}


@misc{UniversitatFrankfurt.2016,
 author = {{Universit{\"a}t Frankfurt}},
 year = {2016},
 title = {Anzahl der Atome},
 url = {https://elearning.physik.uni-frankfurt.de/data/FB13-PhysikOnline/lm_data/lm_282/auto/kap09/cd236b.htm},
 urldate = {03.03.2016}
}


@misc{TierNolan.2013,
 author = {TierNolan},
 year = {2013},
 title = {Re: Alt chains and atomic transfers},
 url = {https://bitcointalk.org/index.php?topic=193281.msg2224949#msg2224949},
 urldate = {23.03.2016}
}


@article{Szabo.1997,
 author = {Szabo, Nick},
 year = {1997},
 title = {Formalizing and Securing Relationships on Public Networks},
 volume = {2},
 number = {9},
 journal = {First Monday}
}


@booklet{Szabo.1996,
 author = {Szabo, Nick},
 year = {1996},
 title = {Smart Contracts: Building Blocks for Digital Markets},
 url = {http://szabo.best.vwh.net/smart_contracts_2.html}
}


@booklet{Swanson.2014,
 author = {Swanson, Tim},
 year = {2014},
 title = {The Anatomy of a Money-like Informational Commodity: A Study of Bitcoin},
 url = {https://s3-us-west-2.amazonaws.com/chainbook/The+Anatomy+of+a+Money-like+Informational+Commodity.pdf}
}


@booklet{Swanson.2014b,
 author = {Swanson, Tim},
 year = {2014},
 title = {Great Chain of Numbers: a guide to smart contracts, smart property, and trustless asset management},
 url = {https://s3-us-west-2.amazonaws.com/chainbook/Great+Chain+of+Numbers+A+Guide+to+Smart+Contracts,+Smart+Property+and+Trustless+Asset+Management+-+Tim+Swanson.pdf}
}


@misc{Roy.2016,
 author = {Roy, Meher},
 year = {2016},
 title = {An architecture for the Internet of Money},
 url = {https://docs.google.com/document/d/1Bc-kZXROTeMzG6AvH7rrTrUy24UwHoEcgiL7ALHMO0A/pub},
 urldate = {23.02.2016}
}


@misc{Rootstock.2016,
 author = {Rootstock},
 year = {2016},
 title = {Following the yellow brick road},
 url = {http://www.rootstock.io/blog/following-the-yellow-brick-road},
 urldate = {21.03.2016}
}


@misc{Piers.2016,
 author = {Piers},
 year = {2016},
 title = {Ethereum: Fixing the legal problem of the DAO},
 url = {https://medium.com/@piersbxd/ethereum-fixing-the-legal-problem-of-the-dao-4cae1eea63a6#.pcjzkt3ao},
 urldate = {01.04.2016}
}


@phdthesis{Pfnur.2014,
 author = {Pfn{\"u}r, Christian},
 year = {2014},
 title = {Vergleich dezentraler elektronischer W{\"a}hrungen},
 address = {Dresden},
 publisher = {Informatik},
 school = {{Hochschule f{\"u}r Technik und Wirtschaft Dresden}},
 url = {http://www2.htw-dresden.de/~jvogt/abschlussarbeiten/Pfn%C3%BCr.pdf}
}


@misc{Palley.2016,
 author = {Palley, Stephen},
 year = {2016},
 title = {How to Sue A DAO},
 url = {https://www.linkedin.com/pulse/how-sue-dao-stephen-palley},
 urldate = {22.03.2016}
}


@booklet{Nakamoto.2008,
 author = {Nakamoto, Satoshi},
 year = {2008},
 title = {Bitcoin: A Peer-to-Peer Electronic Cash System},
 url = {https://bitcoin.org/bitcoin.pdf}
}


@article{Munzer.2014,
 author = {M{\"u}nzer, Jens},
 year = {2014},
 title = {Bitcoins: Aufsichtliche Bewertung und Risiken f{\"u}r Nutzer},
 urldate = {24.02.2016},
 pages = {26--30},
 number = {1/2014},
 journal = {BaFin Journal},
 url = {http://www.bafin.de/SharedDocs/Downloads/DE/BaFinJournal/2014/bj_1401.pdf?__blob=publicationFile&v=5}
}


@misc{Hearn.2016,
 author = {Hearn, Mike},
 year = {2016},
 title = {The resolution of the Bitcoin experiment},
 url = {https://medium.com/@octskyward/the-resolution-of-the-bitcoin-experiment-dabb30201f7#.owgtvb9ry},
 urldate = {08.02.2016}
}


@article{Hakert.2014,
 author = {Hakert, Anka},
 year = {2014},
 title = {SteuergeheimnisBitcoin: Was das Finanzamt zu Kryptogeld sagt},
 pages = {48--50},
 number = {22},
 journal = {c't}
}


@misc{Glatz.2014,
 author = {Glatz, Florian},
 year = {2014},
 title = {What are Smart Contracts? In search of a consensus.},
 url = {https://medium.com/@heckerhut/whats-a-smart-contract-in-search-of-a-consensus-c268c830a8ad#.n75czj8ro},
 urldate = {21.03.2016}
}


@misc{Angelo.2014b,
 author = {Angelo, James D},
 year = {2014},
 title = {Bitcoin 101 - The Nightmare of a 51{\%} Attack - Part 2 - How to Destroy Bitcoin},
 urldate = {01.04.2016},
 editor = {Angelo, James D},
 url = {https://www.youtube.com/watch?v=Kjtgp5h-jEY}
}


@book{Antonopoulos.2015,
 author = {Antonopoulos, Andreas M.},
 year = {2015},
 title = {Mastering bitcoin: Unlocking digital cryptocurrencies},
 address = {Sebastopol, CA},
 edition = {First edition},
 publisher = {O'Reilly},
 isbn = {9781449374044},
 abstract = {{\dq}A broad introduction to bitcoin--ideal for non-tech users, investors, and business executives; technical foundations of bitcoin and cryptographic currencies for developers, engineers, and software and systems architects; details of the bitcoin decentralized network, peer-to-peer architecture, transaction lifecycle, and security principles; offshoots of the bitcoin and blockchain inventions, including alternative chains, currencies, and applications; user stories, elegant analogies, examples, and code snippets illustrating key technical concepts{\dq}--Page [4] of cover.}
}


@misc{Auguste.2014,
 author = {Auguste, Korantin},
 year = {2014},
 title = {How to steal Bitcoins},
 url = {http://www.palkeo.com/code/stealing-bitcoin.html},
 urldate = {02.03.2016}
}


@booklet{Back.2014,
 author = {Back, Adam and Corallo, Matt and Dashjr, Luke and Friedenbach, Mark and Maxwell, Gregory and Miller, Andrew and Poelstra, Andrew and Tim{\'o}n, Jorge and Wuille, Pieter},
 year = {2014},
 title = {Enabling Blockchain Innovations with Pegged Sidechains},
 url = {http://www.blockstream.com/sidechains.pdf}
}


@misc{BundesministeriumderJustizundfurVerbraucherschutz.2016,
 author = {{Bundesministerium der Justiz und f{\"u}r Verbraucherschutz}},
 title = {Gesetz {\"u}ber das Kreditwesen (Kreditwesengesetz - KWG){\S} 1 Begriffsbestimmungen},
 urldate = {24.02.2016}
}


@misc{Buterin.2014,
 author = {Buterin, Vitalik},
 year = {2014},
 title = {DAOs, DACs, DAs and More: An Incomplete Terminology Guide},
 url = {https://blog.ethereum.org/2014/05/06/daos-dacs-das-and-more-an-incomplete-terminology-guide/},
 urldate = {31.03.2016}
}


@book{Wattenhofer.2016,
 author = {Wattenhofer, Roger},
 year = {2016},
 title = {The Science of the Blockchain},
 edition = {1},
 publisher = {{CreateSpace Independent Publishing Platform}},
 isbn = {1522751831}
}


@misc{Buterin.2014b,
 author = {Buterin, Vitalik},
 year = {2014},
 title = {Side Chains: The How, The Challenges and the Potential},
 url = {https://bitcoinmagazine.com/articles/side-chains-challenges-potential-1397614121},
 urldate = {16.03.2016}
}


@misc{Buterin.2016,
 author = {Buterin, Vitalik},
 editor = {Ethereum},
 year = {2016},
 title = {A Next-Generation Smart Contract and Decentralized Application Platform},
 url = {https://github.com/ethereum/wiki/wiki/White-Paper},
 urldate = {23.02.2016}
}


@booklet{Courtois.2014,
 author = {Courtois, Nicolas T.},
 year = {2014},
 title = {On The Longest Chain Rule and Programmed Self-Destruction of Crypto Currencies},
 url = {http://arxiv.org/pdf/1405.0534v11.pdf}
}


@article{Danker.2016,
 author = {Danker, Wiebke},
 year = {2016},
 title = {FinTechs: Junge IT-Unternehmen auf dem Finanzmarkt},
 urldate = {24.02.2016},
 pages = {16--19},
 journal = {BaFin Journal},
 url = {http://www.bafin.de/SharedDocs/Downloads/DE/BaFinJournal/2016/bj_1601.pdf;jsessionid=A2C008493437ABFB9BDE149C23A409EF.1_cid290?__blob=publicationFile&v=8}
}


@misc{Ethereum.2015,
 author = {Ethereum},
 year = {2015},
 title = {White Paper: A Next-Generation Smart Contract and Decentralized Application Platform},
 url = {https://github.com/ethereum/wiki/wiki/White-Paper},
 urldate = {08.02.2016}
}


@misc{Eyal.2013,
 author = {Eyal, Ittay and Sirer, Emin G{\"u}n},
 year = {2013},
 title = {Majority is not Enough: Bitcoin Mining is Vulnerable},
 url = {http://arxiv.org/pdf/1311.0243v5.pdf},
 urldate = {10.02.2016}
}


@article{Geiling.2016,
 author = {Geiling, Luisa},
 year = {2016},
 title = {Distributed Ledger: Die Technologie hinter den virtuellen W{\"a}hrungen am Beispiel der Blockchain},
 urldate = {26.02.2016},
 pages = {28--32},
 number = {2/2016},
 journal = {BaFin Journal},
 url = {http://www.bafin.de/SharedDocs/Downloads/DE/BaFinJournal/2016/bj_1602.pdf?__blob=publicationFile&v=3}
}


@misc{Buterin.2014c,
 author = {Buterin, Vitalik},
 year = {2014},
 title = {What Is A Merkle Tree},
 url = {https://www.weusecoins.com/what-is-a-merkle-tree/},
 urldate = {09.03.2016}
}


@misc{Webbtc.2015,
 author = {Webbtc},
 year = {2015},
 title = {Beispielhafter Block},
 url = {https://webbtc.com/block/000000000000000001f942eb4bfa0aeccb6a14c268f4c72d5fff17270da771b9.json},
 urldate = {02.03.2016}
}


